<?xml version="1.0" encoding="UTF-8"?><record xmlns="http://www.loc.gov/MARC21/slim" xmlns:cinclude="http://apache.org/cocoon/include/1.0" xmlns:zs="http://www.loc.gov/zing/srw/">
  <leader>00640nz  a2200133n  4500</leader>
  <controlfield tag="001">nr 96034809 </controlfield>
  <controlfield tag="003">DLC</controlfield>
  <controlfield tag="005">19961001051646.2</controlfield>
  <controlfield tag="008">960927n| acannaab|          |a ana     c</controlfield>
  <datafield tag="010" ind1=" " ind2=" ">
    <subfield code="a">nr 96034809 </subfield>
  </datafield>
  <datafield tag="040" ind1=" " ind2=" ">
    <subfield code="a">NjP</subfield>
    <subfield code="c">NjP</subfield>
  </datafield>
  <datafield tag="110" ind1="2" ind2="0">
    <subfield code="a">Library Administration and Management Association.</subfield>
    <subfield code="b">Functional Space Requirements Committee</subfield>
  </datafield>
  <datafield tag="410" ind1="2" ind2="0">
    <subfield code="a">Library Administration and Management Association.</subfield>
    <subfield code="b">Buildings &amp; Equipment Section.</subfield>
    <subfield code="b">Functional Space Requirements Committee</subfield>
  </datafield>
  <datafield tag="670" ind1=" " ind2=" ">
    <subfield code="a">Building blocks for library space, 1995:</subfield>
    <subfield code="b">t.p. (Library Administration and Management Association, Buildings and Equipment Section, Functional Space Requirements Committee)</subfield>
  </datafield>
</record>